<record xmlns='http://www.loc.gov/MARC21/slim'><leader>01600cam a2200421 i 4500</leader><controlfield tag='001'>8413658</controlfield><controlfield tag='005'>20201214095719.0</controlfield><controlfield tag='006'>m        d        </controlfield><controlfield tag='007'>cr mn ---auuuu</controlfield><controlfield tag='008'>200616s2012    qea|||| s    |||| 0|eng d</controlfield><datafield ind1='1' ind2=' ' tag='019'><subfield code='a'>57305635</subfield></datafield><datafield ind1=' ' ind2=' ' tag='020'><subfield code='a'>0734512015</subfield></datafield><datafield ind1=' ' ind2=' ' tag='035'><subfield code='a'>(AU-CaNED)NED121847P525080</subfield></datafield><datafield ind1=' ' ind2=' ' tag='040'><subfield code='a'>QSL</subfield><subfield code='b'>eng</subfield><subfield code='c'>QSL</subfield><subfield code='e'>rda</subfield><subfield code='d'>QSL</subfield></datafield><datafield ind1=' ' ind2=' ' tag='042'><subfield code='a'>anuc</subfield></datafield><datafield ind1=' ' ind2=' ' tag='043'><subfield code='a'>u-at-qn</subfield></datafield><datafield ind1='0' ind2='4' tag='082'><subfield code='a'>929.909943</subfield><subfield code='2'>23</subfield></datafield><datafield ind1='1' ind2=' ' tag='110'><subfield code='a'>Queensland.</subfield><subfield code='b'>Department of Premier and Cabinet</subfield></datafield><datafield ind1='1' ind2='0' tag='245'><subfield code='a'>Corporate identity and state emblems /</subfield><subfield code='c'>Department of Premier and Cabinet.</subfield></datafield><datafield ind1=' ' ind2='1' tag='264'><subfield code='a'>[Brisbane], Queensland :</subfield><subfield code='b'>Queensland. Department of Premier and Cabinet,</subfield><subfield code='c'>2012.</subfield></datafield><datafield ind1=' ' ind2=' ' tag='300'><subfield code='a'>online resource (1 volume)</subfield></datafield><datafield ind1=' ' ind2=' ' tag='336'><subfield code='a'>text</subfield><subfield code='2'>rdacontent</subfield></datafield><datafield ind1=' ' ind2=' ' tag='337'><subfield code='a'>unmediated</subfield><subfield code='2'>rdamedia</subfield></datafield><datafield ind1=' ' ind2=' ' tag='338'><subfield code='a'>volume</subfield><subfield code='2'>rdacarrier</subfield></datafield><datafield ind1=' ' ind2=' ' tag='338'><subfield code='a'>online resource</subfield><subfield code='2'>rdacarrier</subfield></datafield><datafield ind1=' ' ind2=' ' tag='347'><subfield code='a'>text file</subfield><subfield code='b'>PDF</subfield><subfield code='2'>rda</subfield></datafield><datafield ind1=' ' ind2=' ' tag='347'><subfield code='a'>text file</subfield><subfield code='b'>PDF</subfield><subfield code='c'>1MB</subfield></datafield><datafield ind1=' ' ind2=' ' tag='500'><subfield code='a'>Title from PDF cover page.</subfield></datafield><datafield ind1='0' ind2=' ' tag='506'><subfield code='a'>National edeposit: Available online</subfield><subfield code='f'>Unrestricted online access</subfield><subfield code='2'>star</subfield><subfield code='5'>AU-CaNED</subfield></datafield><datafield ind1=' ' ind2=' ' tag='538'><subfield code='a'>Available online at the State Library of Queensland.</subfield></datafield><datafield ind1=' ' ind2=' ' tag='542'><subfield code='f'>© The State of Queensland (Department of the Premier and Cabinet) 2012.</subfield></datafield><datafield ind1=' ' ind2='0' tag='650'><subfield code='a'>Emblems, State</subfield><subfield code='z'>Queensland.</subfield></datafield><datafield ind1=' ' ind2='0' tag='650'><subfield code='a'>Corporate image</subfield><subfield code='z'>Queensland.</subfield></datafield><datafield ind1=' ' ind2=' ' tag='653'><subfield code='a'>Australian</subfield></datafield><datafield ind1='1' ind2=' ' tag='710'><subfield code='a'>Queensland.</subfield><subfield code='b'>Department of the Premier and Cabinet,</subfield><subfield code='e'>issuing body.</subfield></datafield><datafield ind1='4' ind2='0' tag='856'><subfield code='z'>National edeposit</subfield><subfield code='u'>https://nla.gov.au/nla.obj-2784307373</subfield><subfield code='x'>fulltext</subfield></datafield><datafield ind1='4' ind2='2' tag='856'><subfield code='3'>Thumbnail</subfield><subfield code='u'>https://nla.gov.au/nla.obj-2784307373-t</subfield></datafield><datafield ind1='f' ind2='f' tag='999'><subfield code='i'>60bedd62-c746-58b5-9bd6-746d46f64ccf</subfield><subfield code='s'>d06c90e8-50b4-5f8d-92ae-6ac8cca49473</subfield></datafield><datafield ind1='f' ind2='f' tag='952'><subfield code='a'>National Library of Australia</subfield><subfield code='b'>Parkes</subfield><subfield code='c'>Parkes</subfield><subfield code='d'>Use &apos;Online Access&apos; link in record (ELECAUS)</subfield><subfield code='e'>National edeposit collection</subfield><subfield code='h'>Other scheme</subfield><subfield code='i'>Monograph</subfield><subfield code='m'>fd0285f2-00c9-53e2-a8dc-23f5ef8953a6</subfield></datafield></record>